<?xml version="1.0" encoding="UTF-8"?><collection xmlns="http://www.loc.gov/MARC21/slim"><record><leader>00640nam--2200193-i-4500</leader><controlfield tag="001">000006355</controlfield><controlfield tag="002">20161230</controlfield><controlfield tag="005">20161230201026</controlfield><controlfield tag="008">060222s1000------------r-----000-0-eng-d</controlfield><datafield ind1=" " ind2=" " tag="040"><subfield code="a">IFIN-HH</subfield></datafield><datafield ind1=" " ind2=" " tag="080"><subfield code="a">681.3.06</subfield></datafield><datafield ind1="1" ind2=" " tag="100"><subfield code="a">Corliss, Charles H</subfield></datafield><datafield ind1="1" ind2="0" tag="245"><subfield code="a">Experimental transition probabilities for spec tral lines of seventy elements. derived from the nbs tabales of spectral-line intensities</subfield><subfield code="c">Charles h. corliss, w.r. bozman</subfield></datafield><datafield ind1=" " ind2=" " tag="260"><subfield code="a">Washington</subfield><subfield code="b">U.S.Government Printing Off</subfield><subfield code="c">1962</subfield></datafield><datafield ind1=" " ind2=" " tag="300"><subfield code="a">XVIII + 562 P</subfield></datafield><datafield ind1=" " ind2=" " tag="490"><subfield code="a">Nbs Monographs 53</subfield></datafield><datafield ind1="1" ind2=" " tag="700"><subfield code="a">Bozman W.R</subfield></datafield><datafield ind1=" " ind2=" " tag="852"><subfield code="a">18763</subfield><subfield code="c">53.081</subfield></datafield><datafield ind1=" " ind2=" " tag="CAT"><subfield code="a">Sys</subfield><subfield code="c">20160324</subfield><subfield code="h">155720</subfield></datafield></record></collection>